<?xml version="1.0" encoding="utf-8"?>
<record xmlns="http://www.loc.gov/MARC21/slim" xmlns:xsi="http://www.w3.org/2001/XMLSchema-instance" xsi:schemaLocation="http://www.loc.gov/MARC21/slim http://www.loc.gov/standards/marcxml/schema/MARC21slim.xsd">
	<leader>     nam a22     Mi 4500</leader>
	<controlfield tag="001">b12761965</controlfield>
	<controlfield tag="003">LeBAU</controlfield>
	<controlfield tag="006">m        d        </controlfield>
	<controlfield tag="007">cr cn |||m|||a</controlfield>
	<controlfield tag="008">180301s1936    ua      o     ||0 0 ara d</controlfield>
	<datafield ind1=" " ind2=" " tag="040">
		<subfield code="a">ZYU</subfield>
		<subfield code="b">ara</subfield>
		<subfield code="e">rda</subfield>
		<subfield code="c">ZYU</subfield>
	</datafield>
	<datafield ind1="1" ind2=" " tag="041">
		<subfield code="a">ara</subfield>
		<subfield code="h">ger</subfield>
	</datafield>
	<datafield ind1=" " ind2="4" tag="050">
		<subfield code="a">PT2034.A7</subfield>
		<subfield code="b">F38 1938</subfield>
	</datafield>
	<datafield ind1="0" ind2="4" tag="082">
		<subfield code="a">838</subfield>
		<subfield code="2">22</subfield>
	</datafield>
	<datafield ind1="1" ind2=" " tag="100">
		<subfield code="6">880-01</subfield>
		<subfield code="a">Goethe, Johann Wolfgang von,</subfield>
		<subfield code="d">1749-1832,</subfield>
		<subfield code="e">author.</subfield>
	</datafield>
	<datafield ind1="1" ind2="0" tag="240">
		<subfield code="a">Faust.</subfield>
		<subfield code="l">Arabic</subfield>
	</datafield>
	<datafield ind1="1" ind2="0" tag="245">
		<subfield code="6">880-02</subfield>
		<subfield code="a">Fāwst /</subfield>
		<subfield code="c">li-shā‘ir Almāniyā al-kabīr Ghuttīh ; naqalhu ‘an al-Almānīyah Muḥammad ‘Awaḍ Muḥammad, al-ustādh al-musā‘id bi-Kullīyat al-Ādāb bi-al-Jāmi‘ah al-Miṣrīyah.</subfield>
	</datafield>
	<datafield ind1=" " ind2="1" tag="264">
		<subfield code="6">880-03</subfield>
		<subfield code="a">Miṣr :</subfield>
		<subfield code="b">Lajnat al-Ta’līf wa-al-Tarjamah wa-al-Nashr,</subfield>
		<subfield code="c">1348 [H.] = 1929 [M.]</subfield>
	</datafield>
	<datafield ind1=" " ind2=" " tag="300">
		<subfield code="6">880-04</subfield>
		<subfield code="a">online resource (w-ṣ, 208 pages)</subfield>
	</datafield>
	<datafield ind1=" " ind2=" " tag="336">
		<subfield code="a">text</subfield>
		<subfield code="2">rdacontent</subfield>
	</datafield>
	<datafield ind1=" " ind2=" " tag="337">
		<subfield code="a">computer</subfield>
		<subfield code="2">rdamedia</subfield>
	</datafield>
	<datafield ind1=" " ind2=" " tag="338">
		<subfield code="a">online resource</subfield>
		<subfield code="2">rdacarrier</subfield>
	</datafield>
	<datafield ind1=" " ind2=" " tag="500">
		<subfield code="a">Part of the Arabic Collections Online (ACO) project, contributed by American University of Beirut's Jafet Memorial Library.</subfield>
	</datafield>
	<datafield ind1=" " ind2=" " tag="533">
		<subfield code="a">Electronic reproduction.</subfield>
		<subfield code="b">New York, N.Y. :</subfield>
		<subfield code="c">New York University,</subfield>
		<subfield code="d">2018.</subfield>
		<subfield code="5">NNU</subfield>
	</datafield>
	<datafield ind1=" " ind2="0" tag="650">
		<subfield code="6">880-05</subfield>
		<subfield code="a">German drama</subfield>
		<subfield code="v">Translations into Arabic.</subfield>
	</datafield>
	<datafield ind1=" " ind2="0" tag="655">
		<subfield code="6">880-06</subfield>
		<subfield code="a">Drama.</subfield>
	</datafield>
	<datafield ind1="1" ind2=" " tag="700">
		<subfield code="6">880-07</subfield>
		<subfield code="a">Muḥammad, Muḥammad ʻAwaḍ,</subfield>
		<subfield code="e">translator.</subfield>
	</datafield>
	<datafield ind1="2" ind2=" " tag="710">
		<subfield code="a">Jafet Memorial Library.</subfield>
	</datafield>
	<datafield ind1="0" ind2=" " tag="730">
		<subfield code="a">Arabic Collections Online.</subfield>
	</datafield>
	<datafield ind1="0" ind2=" " tag="765">
		<subfield code="6">880-08</subfield>
		<subfield code="i">Translation of:</subfield>
		<subfield code="t">Faust : a tragedy</subfield>
		<subfield code="d">London : Frederick Warne and Co., 1887</subfield>
		<subfield code="w">(OCoLC)229916110</subfield>
		<subfield code="w">(OCoLC)229916110</subfield>
	</datafield>
	<datafield ind1="0" ind2=" " tag="765">
		<subfield code="6">880-09</subfield>
		<subfield code="i">Translation of:</subfield>
		<subfield code="t">[Faust]</subfield>
		<subfield code="d">Antilias : Tparan Katoghikosutean Hayots Kilikioh, 1970</subfield>
		<subfield code="w">(OCoLC)785100553</subfield>
		<subfield code="w">(OCoLC)785100553</subfield>
	</datafield>
	<datafield ind1="0" ind2=" " tag="765">
		<subfield code="6">880-10</subfield>
		<subfield code="i">Translation of:</subfield>
		<subfield code="t">Faust</subfield>
		<subfield code="d">New York : Modern Library, c1912</subfield>
		<subfield code="w">(OCoLC)07629958</subfield>
		<subfield code="w">(OCoLC)07629958</subfield>
	</datafield>
	<datafield ind1="0" ind2=" " tag="765">
		<subfield code="6">880-11</subfield>
		<subfield code="i">Translation of:</subfield>
		<subfield code="t">Faust. Part II</subfield>
		<subfield code="d">Indianapolis : Bobbs Merrill, [1964]</subfield>
		<subfield code="w">(OCoLC)02126976</subfield>
		<subfield code="w">(OCoLC)02126976</subfield>
	</datafield>
	<datafield ind1="0" ind2=" " tag="765">
		<subfield code="6">880-12</subfield>
		<subfield code="i">Translation of:</subfield>
		<subfield code="t">Faust, part one [&amp; part two.]</subfield>
		<subfield code="d">Baltimore MD : Penguin Books,</subfield>
		<subfield code="c">[1949-1959]</subfield>
		<subfield code="w">(OCoLC786374904</subfield>
		<subfield code="w">(OCoLC786374904</subfield>
	</datafield>
	<datafield ind1="0" ind2=" " tag="765">
		<subfield code="6">880-13</subfield>
		<subfield code="i">Translation of:</subfield>
		<subfield code="t">Faust, part one &amp; part two</subfield>
		<subfield code="d">Indianapolis : Bobbs Merrill, c1965</subfield>
		<subfield code="w">(OCoLC)02796114</subfield>
		<subfield code="w">(OCoLC)02796114</subfield>
	</datafield>
	<datafield ind1="0" ind2="8" tag="776">
		<subfield code="i">Print version:</subfield>
		<subfield code="a">Goethe, Johann Wolfgang von, 1749-1832, author.</subfield>
		<subfield code="t">Fāwst</subfield>
		<subfield code="w">(LeBAU)b12761965</subfield>
	</datafield>
	<datafield ind1="4" ind2="0" tag="856">
		<subfield code="u">http://hdl.handle.net/2333.1/bcc2fxbr</subfield>
	</datafield>
	<datafield ind1="1" ind2=" " tag="880">
		<subfield code="6">100-01</subfield>
		<subfield code="a">غوتيه، يوهان فولفغانغ فون،</subfield>
		<subfield code="d">1749-1832،</subfield>
		<subfield code="e">مؤلف.</subfield>
		<subfield code="4">aut.</subfield>
	</datafield>
	<datafield ind1="1" ind2="0" tag="880">
		<subfield code="6">245-02</subfield>
		<subfield code="a">فاوست /</subfield>
		<subfield code="c">لشاعر ألمانيا الكبير غوتيه GOETHE ؛ نقله عن الألمانية محمد عوض محمد، الأستاذ المساعد بكلية الآداب بالجامعة المصرية.</subfield>
	</datafield>
	<datafield ind1=" " ind2="1" tag="880">
		<subfield code="6">264-03</subfield>
		<subfield code="a">مصر :</subfield>
		<subfield code="b">لجنة التأليف والترجمة والنشر،</subfield>
		<subfield code="c">1348 [هـ.] = 1929 [م.]</subfield>
	</datafield>
	<datafield ind1=" " ind2=" " tag="880">
		<subfield code="6">300-04</subfield>
		<subfield code="a">و-ص، 208 صفحات ؛</subfield>
		<subfield code="c">23 سم</subfield>
	</datafield>
	<datafield ind1=" " ind2="4" tag="880">
		<subfield code="6">650-05</subfield>
		<subfield code="a">المسرحية الألمانية</subfield>
		<subfield code="v">ترجمات الى العربية.</subfield>
	</datafield>
	<datafield ind1=" " ind2="4" tag="880">
		<subfield code="6">655-06</subfield>
		<subfield code="a">مسرحية.</subfield>
	</datafield>
	<datafield ind1="1" ind2=" " tag="880">
		<subfield code="6">700-07</subfield>
		<subfield code="a">محمد، محمد عوض،</subfield>
		<subfield code="e">مترجم.</subfield>
		<subfield code="4">trl.</subfield>
	</datafield>
	<datafield ind1="0" ind2=" " tag="880">
		<subfield code="6">765-08</subfield>
		<subfield code="i">ترجمة كتاب:</subfield>
		<subfield code="t">Faust : a tragedy</subfield>
		<subfield code="d">London : Frederick Warne and Co., 1887</subfield>
		<subfield code="w">b10604674</subfield>
		<subfield code="w">(OCoLC)229916110</subfield>
	</datafield>
	<datafield ind1="0" ind2=" " tag="880">
		<subfield code="6">765-09</subfield>
		<subfield code="i">ترجمة كتاب:</subfield>
		<subfield code="t">[Faust]</subfield>
		<subfield code="d">Antilias : Tparan Katoghikosutean Hayots Kilikioh, 1970</subfield>
		<subfield code="w">b10604662</subfield>
		<subfield code="w">(OCoLC)785100553</subfield>
	</datafield>
	<datafield ind1="0" ind2=" " tag="880">
		<subfield code="6">765-10</subfield>
		<subfield code="i">ترجمة كتاب:</subfield>
		<subfield code="t">Faust</subfield>
		<subfield code="d">New York : Modern Library, c1912</subfield>
		<subfield code="w">b11636920</subfield>
		<subfield code="w">(OCoLC)07629958</subfield>
	</datafield>
	<datafield ind1="0" ind2=" " tag="880">
		<subfield code="6">765-11</subfield>
		<subfield code="i">ترجمة كتاب:</subfield>
		<subfield code="t">Faust. Part II</subfield>
		<subfield code="d">Indianapolis : Bobbs Merrill, [1964]</subfield>
		<subfield code="w">b11636919</subfield>
		<subfield code="w">(OCoLC)02126976</subfield>
	</datafield>
	<datafield ind1="0" ind2=" " tag="880">
		<subfield code="6">765-12</subfield>
		<subfield code="i">ترجمة كتاب:</subfield>
		<subfield code="t">Faust, part one [&amp; part two.]</subfield>
		<subfield code="d">Baltimore MD : Penguin Books,</subfield>
		<subfield code="c">[1949-1959]</subfield>
		<subfield code="w">b11636907</subfield>
		<subfield code="w">(OCoLC786374904</subfield>
	</datafield>
	<datafield ind1="0" ind2=" " tag="880">
		<subfield code="6">765-13</subfield>
		<subfield code="i">ترجمة كتاب:</subfield>
		<subfield code="t">Faust, part one &amp; part two</subfield>
		<subfield code="d">Indianapolis : Bobbs Merrill, c1965</subfield>
		<subfield code="w">b13645286</subfield>
		<subfield code="w">(OCoLC)02796114</subfield>
	</datafield>
	<datafield ind1=" " ind2=" " tag="959">
		<subfield code="a">NNU</subfield>
		<subfield code="b">WEB</subfield>
		<subfield code="c">GENI</subfield>
		<subfield code="t">0</subfield>
		<subfield code="m">Electronic access</subfield>
		<subfield code="s">01</subfield>
	</datafield>
	<datafield ind1=" " ind2=" " tag="999">
		<subfield code="i">LeBAU_b12761965</subfield>
		<subfield code="s">aub_aco001630</subfield>
		<subfield code="e">(ERROR-880)(ERROR-MISC)</subfield>
		<subfield code="s">aub_aco001630</subfield>
	</datafield>
</record>
